<?xml version="1.0" encoding="UTF-8"?><record xmlns="http://www.loc.gov/MARC21/slim" xmlns:cinclude="http://apache.org/cocoon/include/1.0" xmlns:zs="http://www.loc.gov/zing/srw/">
  <leader>00680nz  a2200157n  4500</leader>
  <controlfield tag="001">n 2010022560</controlfield>
  <controlfield tag="003">DLC</controlfield>
  <controlfield tag="005">20100415115819.0</controlfield>
  <controlfield tag="008">100414n| acannaabn          |b aaa      </controlfield>
  <datafield tag="010" ind1=" " ind2=" ">
    <subfield code="a">n 2010022560</subfield>
  </datafield>
  <datafield tag="040" ind1=" " ind2=" ">
    <subfield code="a">DLC</subfield>
    <subfield code="b">eng</subfield>
    <subfield code="c">DLC</subfield>
  </datafield>
  <datafield tag="100" ind1="1" ind2=" ">
    <subfield code="a">Perederiĭ, Iryna</subfield>
  </datafield>
  <datafield tag="400" ind1="1" ind2=" ">
    <subfield code="a">Perederiĭ, I. H.</subfield>
    <subfield code="q">(Iryna Hryhorivna)</subfield>
  </datafield>
  <datafield tag="400" ind1="1" ind2=" ">
    <subfield code="a">Передерій, Ірина Григорівна</subfield>
  </datafield>
  <datafield tag="667" ind1=" " ind2=" ">
    <subfield code="a">Non-Latin script reference not evaluated.</subfield>
  </datafield>
  <datafield tag="670" ind1=" " ind2=" ">
    <subfield code="a">Perederiĭ, Iryna. Rozbudova nat︠s︡ionalʹnoï systemy osvity v Ukraïni za doby T︠S︡entralʹnoï Rady, 2009:</subfield>
    <subfield code="b">t.p. (Iryna Perederiĭ) t.p. verso (Perederiĭ I.H.) colophon (Передерій Ірина Григорівна)</subfield>
  </datafield>
</record>